<record><leader>00000cas a22000007a 4500</leader><controlfield tag="001">14075845</controlfield><controlfield tag="008">860811d19071910iaucr ne      0    0eng d</controlfield><datafield ind1=" " ind2=" " tag="010"><subfield code="a">sn 86060161 </subfield></datafield><datafield ind1=" " ind2=" " tag="040"><subfield code="a">INP</subfield><subfield code="b">eng</subfield><subfield code="c">INP</subfield><subfield code="d">OCLCQ</subfield></datafield><datafield ind1=" " ind2=" " tag="042"><subfield code="a">msc</subfield></datafield><datafield ind1="0" ind2="0" tag="245"><subfield code="a">Mt. Ayr twice-a-week Monday and Thursday journal.</subfield></datafield><datafield ind1="3" ind2="0" tag="246"><subfield code="a">Mt. Ayr journal</subfield></datafield><datafield ind1="1" ind2="3" tag="246"><subfield code="a">Mount Ayr journal</subfield></datafield><datafield ind1=" " ind2=" " tag="260"><subfield code="a">Mount Ayr, Iowa :</subfield><subfield code="b">J.S. Shepherd &amp; Son,</subfield><subfield code="c">1907-1910.</subfield></datafield><datafield ind1=" " ind2=" " tag="300"><subfield code="a">5 v. :</subfield><subfield code="b">ill.</subfield></datafield><datafield ind1=" " ind2=" " tag="310"><subfield code="a">Semiweekly</subfield></datafield><datafield ind1="0" ind2=" " tag="362"><subfield code="a">Vol. 25, no. 37 (Apr. 18, 1907)-v. 29, no. 42 (Dec. 29, 1910).</subfield></datafield><datafield ind1=" " ind2=" " tag="515"><subfield code="a">Issue for Dec. 27, 1909, not published.</subfield></datafield><datafield ind1=" " ind2=" " tag="515"><subfield code="a">Frequent issues misnumbered and misdated.</subfield></datafield><datafield ind1=" " ind2=" " tag="525"><subfield code="a">Apr. 18, Nov. 14, and Nov. 21, 1907, issues include supplements.</subfield></datafield><datafield ind1=" " ind2=" " tag="752"><subfield code="a">United States</subfield><subfield code="b">Iowa</subfield><subfield code="c">Ringgold</subfield><subfield code="d">Mount Ayr.</subfield></datafield><datafield ind1="0" ind2="0" tag="780"><subfield code="t">Mt. Ayr journal (Mount Ayr, Iowa : 1904)</subfield><subfield code="w">(DLC)sn 86060160</subfield></datafield><datafield ind1="0" ind2="0" tag="785"><subfield code="t">Mt. Ayr journal (Mount Ayr, Iowa : 1911)</subfield><subfield code="w">(DLC)sn 86060162</subfield></datafield></record>